2236 4020
68 234 71 241 .
186 173 255 252 188
376 154 457 235 XI.
483 156 667 259 Iphicrates
690 155 722 237 I.
747 154 802 239 ΙῙ.
919 238 922 243 ⁴
1018 86 1038 289 Χ,

103 371 126 438 3
182 356 243 420 tim
269 355 404 420 meliora
425 355 550 420 fecerit.
590 354 738 438 Namque
767 353 823 418 ille
855 351 1012 438 pedestria

181 481 269 525 arma
290 454 447 541 mutavit,
468 483 543 527 cum
567 471 642 525 ante
665 461 759 524 illum
778 462 1011 544 imperatorem
1039 470 1044 477 ’

121 566 122 573 ’
180 568 330 632 maximis
360 569 504 654 clypeis,
539 567 690 633 brevibus
723 567 837 643 hastis,
874 567 1010 657 minutis

103 692 126 759 4
179 672 294 755 gladiis
309 681 492 741 uterentur.
535 674 595 739 Ille
607 697 626 738 e
639 674 798 738 contrario
812 675 934 759 peltam
949 694 1008 759 pro
1025 717 1027 721 «

2 820 21 909 p
177 800 287 863 parma
305 768 409 858 ¹fecit,
438 801 545 866 aquo
570 782 677 865 postea
703 780 854 845 Peltastae
869 780 1009 872 'pedites

176 892 213 966 u)
234 889 457 973 appellantur,
493 898 530 953 ut
559 889 600 951 ad
632 896 738 951 motus
772 887 1009 970 concursusque

175 993 277 1057 ellent
310 988 462 1059 leviores.
504 992 620 1059 Hastae
649 986 781 1058 modu'm
809 992 988 1077 duplicavit
996 1015 1009 1069 3

174 1100 300 1183 ‘gladios
319 1100 591 1184 longiorestfecit.
635 1104 686 1179 w)
707 1100 797 1162 Idem
809 1117 915 1180 genus
929 1098 1014 1161 lori-¹

82 1249 87 1255 -
175 1225 285 1271 carum
312 1190 468 1284 mutavii,
502 1216 536 1297 et
562 1226 619 1291 pro
648 1207 740 1270 sertis
770 1215 866 1287 atque
898 1204 1008 1271 aeneis

71 1352 90 1404 ι,
115 1358 118 1363 -
173 1311 292 1377 linteas
311 1314 409 1379 dedit.
454 1315 527 1391 Quo
544 1314 630 1377 facto
649 1312 867 1397 expeditiores
885 1309 1029 1383 milites‘

31 1494 38 1508 .
124 1452 128 1467 ι
173 1421 212 1494 x)
234 1421 385 1485 reddidit.
438 1420 523 1487 Nam
550 1420 699 1503 pondere·
723 1420 885 1491 detracto,
919 1415 1006 1500 quod

173 1544 276 1608 aeque
295 1546 411 1610 corpus
429 1528 573 1608 tegeret,
595 1533 631 1589 ac
648 1525 720 1588 leve
736 1522 832 1599 effet,
851 1528 892 1627 y)
904 1540 1007 1618 'cura-

108 1690 117 1711 ,
173 1632 230 1699 vit.
275 1633 401 1698 Bellum
420 1654 495 1696 curn
509 1632 689 1699 Thracibus
707 1627 1006 1714 geffit;·S'eythen,

171 1736 294 1801 socium
323 1720 586 1813 Atheniensium,
605 1739 656 1800 in
687 1757 824 1818 regnum
853 1735 1005 1801 restituit.

112 1922 115 1931 Ι
170 1843 269 1926 Apud
301 1843 490 1907 Corinthum
521 1852 609 1906 tanta
639 1843 809 1907 severitate
841 1842 1005 1907 exercitui

78 2028 81 2033 Ι
116 1956 119 1961 ’
169 1949 330 2041 praefuit,
352 1960 390 2012 ut
410 1949 517 2011 nullae
534 1967 677 2032 uuquam
696 1951 730 2013 in
745 1948 882 2015 Graecia
895 1963 1004 2034 neque

169 2057 410 2119 exercitatiores
433 2055 563 2138 copiae,
583 2076 689 2137 neque
710 2057 814 2137 magis
837 2057 924 2119 dicto
945 2074 1003 2119 au·

170 2162 298 2226 dientes
318 2162 444 2226 fuerint
463 2164 560 2240 duci3
583 2162 617 2224 in
637 2181 773 2243 eamque
796 2160 1003 2225 consuetudi·

169 2287 245 2331 nem
266 2268 421 2343 adduxit,
441 2279 498 2345 ut,
519 2290 594 2333 cum
611 2269 726 2352 praelii
744 2254 870 2350 fignum
888 2268 926 2330 ab
940 2268 1003 2330 im-

168 2385 316 2471 peratore
333 2376 444 2438 datum
466 2374 563 2453 eil'et,
584 2374 652 2438 fine
674 2377 710 2449 a)
730 2375 822 2438 ducis
844 2373 1002 2456 operasse

169 2481 338 2544 ordinatae
352 2481 572 2558 consisterent,
593 2491 632 2545 ut
647 2479 763 2562 finguli
779 2477 1001 2567 aperitiffimo

90 2600 113 2664 3
168 2587 366 2672 imperatore
398 2588 541 2674 dispofitl
569 2587 770 2654 viderentur.
809 2585 880 2650 Hoc
906 2605 999 2649 exer-

927 2691 999 2757 citu

175 2837 997 2855 *μ--ῌ--ΰῠ-

185 2931 234 2998 .v)
253 2931 472 3001 appellantur-
491 2928 529 2995 td
555 2925 647 2990 uiros
670 2930 720 2989 dot
743 2929 854 3000 imperf.
876 2921 999 2991 ulitur.

231 3023 275 3080 itu
295 3015 536 3091 irradiabuntur
551 3023 596 3102 tet
606 3021 791 3091 &tuttundo
804 3019 887 3085 uiolet
899 3019 998 3093 titulo·

230 3113 281 3171 ocu
292 3105 398 3171 *tinnit
412 3122 476 3191 pute
488 3102 609 3181 (dalilis
624 3109 682 3178 tlte
697 3107 798 3180 Μὴ
812 3111 966 3182 trtludttn.
1023 3106 1025 3115 '

193 3227 237 3295 w)
257 3230 328 3282 idem
346 3252 381 3266 -
398 3228 477 3284 etiarn
492 3229 540 3283 ille
558 3257 591 3269 -
613 3229 640 3289 S.
654 3243 714 3298 321.
736 3229 787 3301 ali}

192 3340 229 3405 x)
248 3341 375 3400 reddidit.
405 3342 446 3408 Θ.
462 3344 591 3405 Themilt.
610 3347 640 3402 C.
658 3346 700 3404 11.
718 3353 776 3403 not·
794 3348 827 3416 o)

98 3480 115 3533 s
191 3455 225 3531 y)
247 3459 368 3528 curavit,
388 3459 424 3519 lc.
439 3464 561 3533 aliquid,
580 3464 650 3533 quod
663 3470 713 3519 etc.
742 3464 769 3521 S.
783 3481 811 3533 p.
824 3468 886 3531 469.
901 3463 934 3533 ς)

189 3552 224 3645 a)
240 3573 294 3634 sure
313 3578 387 3636 ducis
402 3597 491 3652 opera.
515 3580 543 3637 S.
563 3597 591 3652 p.
606 3591 664 3647 394.
685 3581 725 3640 11.
740 3579 775 3649 3)
917 3572 924 3581 ’
