2236 4020
216 167 264 247 X
262 167 364 295 VIIl.
391 166 554 287 Eumenes
577 167 650 247 IX.
677 166 729 247 X.
815 192 888 265 ³03

57 388 154 455 quaoe
191 366 371 441 maximos,
403 374 501 448 atque
529 364 589 428 hos
611 365 749 430 secunda
774 364 888 449 vigilia

58 476 224 555 minuant,
251 473 347 535 tertia
369 474 563 553 perexiguos
585 475 742 550 reddunt3
764 454 804 539 'et
824 474 888 538 affi-
940 488 965 561 4

57 582 185 669 mulctas
207 579 381 645 castrorum
418 574 647 641 consuetudine
679 578 888 663 suspicionem

57 688 205 770 injiciant
219 682 380 775 hostibus,
401 684 452 747 his
469 684 552 763 locis
575 683 637 747 elie
660 682 773 761 castra,
796 706 832 748 ae
849 690 888 749 de
958 720 961 725 ·

57 809 169 857 eorum
182 795 320 855 adventu
331 791 611 875 praenuntiqtum3
624 791 775 874 idemque
785 792 891 874 poste·

57 918 94 977 re.
118 907 213 973 nocte
237 897 366 961 faciant.
389 914 400 933 ¹·
421 894 547 971 Quibus
558 895 778 991 x·imperatum
804 909 889 977 erat,
942 923 965 991 5

60 1003 235 1080 diligenter
253 1013 463 1087 praeceptum
478 1012 600 1064 curant.
644 1000 826 1084 Antigonus
839 1018 889 1069 te·
924 1078 927 1083 ,

58 1107 167 1172 nebris
210 1108 334 1171 obortis
373 1110 467 1190 ignes
502 1104 726 1189 conspicatum
762 1113 891 1187 credit,

61 1217 102 1278 de
116 1211 172 1276 suo
197 1215 337 1276 adventu
364 1213 430 1278 eli'e'
446 1213 610 1289 nuditum,
639 1224 673 1276 et
696 1217 901 1281 adversarios'

58 1320 138 1391 illue
155 1312 224 1381 suas
245 1318 433 1381 contraxiss'e
451 1319 569 1403 copias.
603 1314 708 1383 llutat
724 1318 891 1385 confilium
945 1340 967 1402 6

56 1434 97 1505 ,et
120 1406 271 1509 quoniam
299 1427 520 1509 imprudentes
553 1425 671 1489 adoriri
692 1447 756 1489 non
772 1410 892 1511 pollet,

60 1533 164 1599 flectit
182 1533 243 1593 iter
255 1514 354 1594 luuni
370 1577 379 1606 ‚
402 1542 436 1594 et
463 1531 554 1593 illum
571 1531 750 1596 anfractum
764 1534 893 1615 longio-

61 1658 131 1727 rem
151 1637 294 1720 copiosae
314 1640 384 1700 vine
405 1639 509 1718 capit,
542 1639 652 1719 ibique
679 1638 764 1700 diem
790 1653 893 1703 uuum

61 1742 244 1828 opperitur,
267 1749 305 1808 ad
330 1743 541 1809 laffitudinem
563 1744 730 1807 sedandam
754 1746 895 1809 militum

63 1872 99 1914 ac
119 1851 466 1934 reficiendajumeuta,
495 1851 531 1930 k)
556 1872 618 1935 quo
639 1851 816 1934 integriore
842 1874 896 1915 ex·

63 1957 392 2029 ercitudecerneret.
458 1959 522 2023 Hic
553 1958 717 2021 Eumenes
743 1948 905 2023 callidum*
944 1971 991 2038 X,

61 2060 290 2146 imperatorem
311 2066 394 2129 .vicit
410 2062 562 2141 consilio,
583 2063 613 2147 l)
628 2063 894 2147 celeritatemque

63 2169 133 2251 ejus
152 2165 330 2251 impedlvit.
377 2168 613 2254 Neque'tamen
631 2168 768 2235 multum
786 2170 894 2255 profe·

64 2276 119 2339 cit.
162 2274 244 2339 Num
267 2277 389 2340 invidia
412 2282 545 2353 ducum,
579 2297 651 2341 cum
667 2278 784 2359 quibus
809 2289 897 2353 erat,
947 2312 968 2359 2

63 2374 265 2466 perfidiaque
277 2384 416 2444 militum
429 2384 641 2446 Macedonum
658 2391 896 2458 veteranorum,

65 2506 139 2549 cum
164 2487 307 2571 superior
339 2485 459 2567 praelio
496 2486 697 2562 disceffiss'et,
727 2486 896 2568 Antigono

64 2592 111 2657 est
134 2589 281 2663 deditus,
305 2592 352 2665 m>
368 2593 623 2653 cumexercitus
639 2592 671 2652 el
692 2601 741 2654 ter
758 2605 832 2654 ante
849 2593 898 2655 se·

64 2697 186 2786 paratis
210 2696 409 2780 temporibus
425 2690 573 2781 jurasset,
595 2697 626 2759 se
650 2715 725 2761 eum
749 2697 897 2763 defensu-

64 2825 157 2883 rum,
176 2824 234 2867 nec
251 2819 390 2887 unquam
407 2800 617 2869 deserturum.
654 2803 717 2869 Sed
732 2814 822 2867 tanta
834 2804 899 2867 fuit

65 2912 299 3001 nonnullorum
327 2898 459 2976 virtutis
487 2902 698 2988 obtrectatio,
734 2922 771 2975 ut
800 2902 898 2975 fidem

38 3056 41 3065 ·
69 3020 218 3086 amittere
244 3010 396 3097 mallent}
430 3038 526 3104 quam
554 3036 629 3083 eum
663 3037 729 3083 non
754 3014 900 3105 perdere.

788 3125 900 3210 Atque

75 3232 899 3265 mm*

104 3312 140 3379 k)
160 3328 266 3382 quo
233 3316 316 3364 nt
333 3326 417 3364 eo
382 3309 481 3367 -Bn
500 3318 558 3372 att.
579 3308 612 3372 d)

107 3402 135 3473 1)
154 3407 379 3472 celeritatemque.
414 3401 478 3460 Dat.
496 3401 527 3457 C
541 3401 618 3460 Vlll.
635 3407 693 3459 not.
705 3398 738 3468 x)

104 3500 279 3566 arnum-
298 3494 359 3563 etti,
385 3496 515 3566 quamvir.
551 3495 581 3552 S.
600 3500 659 3561 369
685 3493 720 3560 9)
756 3487 800 3555 ὓ
818 3461 900 3562 qltltl)

138 3584 277 3658 witlam
291 3600 315 3658 a.
332 3606 394 3648 cum
407 3606 433 3671 er
424 3587 544 3646 luisset.
582 3583 767 3654 &buruli
777 3586 843 3647 Vll
854 3583 901 3654 ⁴²⁴)
